@article{magalhaes2009descobrindo,
  title={Descobrindo a Doen{\c{c}}a de Parkinson: impacto para o parkinsoniano e seu familiar},
  author={Magalh{\~a}es Navarro Peternella, Fabiana and Silva Marcon, Sonia},
  journal={Revista Brasileira de Enfermagem},
  volume={62},
  number={1},
  year={2009},
  publisher={Associa{\c{c}}{\~a}o Brasileira de Enfermagem}
}

@article{gago2014manual,
  title={Manual para pessoas com Parkinson},
  author={Gago, M and Ferreira, J and Vieira, JLQM and Rosas, MJ and Sim{\~o}es, R and Guedes, LC and Pereira, AGD},
  journal={APDPk-Assoc. Port. Doentes Park.},
  year={2014}
}

@article{peixinho2006alteraccoes,
  title={Altera{\c{c}}{\~o}es neuropsiqui{\'a}tricas da doen{\c{c}}a de Parkinson},
  author={Peixinho, Ana and Azevedo, Ana Lu{\'\i}sa and Sim{\~o}es, Rita Moiron},
  journal={Psilogos},
  volume={3},
  number={2},
  pages={12--30},
  year={2006}
}

@article{souzametodos,
  title={M{\'E}TODOS DE APRENDIZAGEM DE M{\'A}QUINA NO AUX{\'I}LIO {\`A} CLASSIFICA{\c{C}}{\~A}O DA MARCHA EM PARKINSONIANOS},
  author={Souza, Hugo A and de Medeiros, Leonardo Melo and Oliveira, Marcelo Costa}
}

@article{da2016aspectos,
  title={Aspectos comunicativos e enfrentamento da disfonia em pacientes com doen{\c{c}}a de Parkinson},
  author={da Costa, Fl{\'a}via Pereira and Diaf{\'e}ria, Giovana and Behlau, Mara},
  year={2016}
}

@article{zarzur2010laryngeal,
  title={Laryngeal electromyography and acoustic voice analysis in Parkinson's disease: a comparative study},
  author={Zarzur, Ana Paula and Duarte, Isabella Sebusiani and Gon{\c{c}}alves, Gabrielle do Nascimento Holanda and Martins, Maria Angela Ueda Russo},
  journal={Brazilian journal of Otorhinolaryngology},
  volume={76},
  number={1},
  pages={40--43},
  year={2010},
  publisher={Elsevier}
}

@article{pamplona1996demencia,
  title={Dem{\^e}ncia na doen{\c{c}}a de Parkinson: avalia{\c{c}}{\"a}o cr{\'\i}tica da literatura},
  author={Pamplona, Luciana de Abreu and Mattos, James Pit{\'a}goras de and others},
  journal={Arq Neuropsiquiatr},
  volume={54},
  number={4},
  pages={687--90},
  year={1996}
}

@article{barbosa2005parkinsons,
  title={Parkinsons disease--diagnosis},
  author={Barbosa, ER and Sallem, FAZ},
  journal={REVISTA NEUROCI{\^E}NCIAS},
  volume={13},
  number={3},
  pages={158--165},
  year={2005}
}